@manual{slurm-www,
	title = {SLURM: A Highly Scalable Resource Manager},
	organization = {Lawrence Livermore National Laboratory},
	url = {https://computing.llnl.gov/linux/slurm/},
	year = {2008 (accessed August 2, 2011)},
	month = {July},
}

@manual{virtio-www,
	title = {Virtio: An I/O virtualization framework for Linux},
	organization = {IBM},
	author = {M. Tim Jones},
	url = {http://www.ibm.com/developerworks/linux/library/l-virtio/},
	year = {2010 (accessed August 8, 2011)},
	month = {January},
}

@manual{qemu-www,
	title = {QEMU},
	organization = {IBM},
	author = {Fabrice Bellard},
	url = {http://qemu.org/},
	year = {2011 (accessed August 9, 2011)},
	month = {August},
}

@book{ubuntu-admin,
	title = {Ubuntu Server Administration},
	organization = {IBM},
	author = {Michael Jang},
	publisher = {McGraw-Hill},
	year = {2008},
	month = {August},
}

@manual{kvm-www,
	title = {Kernel Based Virtual Machine},
	url = {http://www.linux-kvm.org/},
	year = {2009 (accessed August 9, 2011)},
	month = {February},
}

@manual{palacios-www,
	title = {Palacios: An OS independent embeddable VMM},
	url = {http://v3vee.org/palacios/},
	year = {2008 (accessed August 9, 2011)},
	month = {February},
}




@techreport{palacios,
	title = {An Introduction to the Palacios Virtual Machine Monitor},
	url = {http://v3vee.org/papers/NWU-EECS-08-11.pdf},
	institution = {Northwestern University, Electrical Engineering and Computer Science Department},
	year = {2008},
	month = {November},
	author = {Jack Lange and Peter Dinda},
}